@techreport{Waterman:EECS-2014-54,
    Author = {Waterman, Andrew and Lee, Yunsup and Patterson, David A. and AsanoviÄ‡, Krste},
    Title = {The RISC-V Instruction Set Manual, Volume I: User-Level ISA, Version 2.0},
    Institution = {EECS Department, University of California, Berkeley},
    Year = {2014},
    Month = {May},
    URL = {http://www.eecs.berkeley.edu/Pubs/TechRpts/2014/EECS-2014-54.html},
    Number = {UCB/EECS-2014-54}
}
